<record><leader>00000cas a22000007a 4500</leader><controlfield tag="001">9871593</controlfield><controlfield tag="008">830901d18881892ksuwr ne      0    0eng d</controlfield><controlfield tag="009">3789</controlfield><datafield ind1=" " ind2=" " tag="010"><subfield code="a">sn 83040692 </subfield></datafield><datafield ind1=" " ind2=" " tag="040"><subfield code="a">KSH</subfield><subfield code="b">eng</subfield><subfield code="c">KSH</subfield><subfield code="d">NPT</subfield></datafield><datafield ind1="1" ind2=" " tag="029"><subfield code="a">AU@</subfield><subfield code="b">000025801932</subfield></datafield><datafield ind1=" " ind2=" " tag="042"><subfield code="a">msc</subfield></datafield><datafield ind1=" " ind2=" " tag="043"><subfield code="a">n-us-ks</subfield></datafield><datafield ind1="0" ind2=" " tag="130"><subfield code="a">Chase County republican (Strong City, Kan. : 1888)</subfield></datafield><datafield ind1="0" ind2="0" tag="245"><subfield code="a">Chase County republican.</subfield></datafield><datafield ind1=" " ind2=" " tag="260"><subfield code="a">Strong City, Kan. :</subfield><subfield code="b">[Frank D. Weller],</subfield><subfield code="c">1888-1892.</subfield></datafield><datafield ind1=" " ind2=" " tag="300"><subfield code="a">5 v. :</subfield><subfield code="b">ill. ;</subfield><subfield code="c">59 cm.</subfield></datafield><datafield ind1=" " ind2=" " tag="310"><subfield code="a">Weekly</subfield></datafield><datafield ind1="0" ind2=" " tag="362"><subfield code="a">Vol. 1, no. 21 (Mar. 3, 1888)-    ; v. 7, no. 49 (July 7, 1888)-v. 11, no. 39 (Apr. 21, 1892).</subfield></datafield><datafield ind1=" " ind2=" " tag="500"><subfield code="a">Published by W.Y. Morgan, June 30, 1888-Apr. 21, 1892.</subfield></datafield><datafield ind1=" " ind2=" " tag="515"><subfield code="a">Begins new numbering system, July 7, 1888.</subfield></datafield><datafield ind1=" " ind2=" " tag="530"><subfield code="a">Available on microfilm from Micro Photo.</subfield></datafield><datafield ind1=" " ind2=" " tag="500"><subfield code="a">Editor: Frank D. Weller.</subfield></datafield><datafield ind1="1" ind2=" " tag="700"><subfield code="a">Weller, Frank D.</subfield></datafield><datafield ind1=" " ind2=" " tag="752"><subfield code="a">United States</subfield><subfield code="b">Kansas</subfield><subfield code="c">Chase</subfield><subfield code="d">Strong City.</subfield></datafield><datafield ind1="0" ind2="0" tag="780"><subfield code="t">Chase County republican and independent</subfield><subfield code="w">(DLC)sn 83040664</subfield></datafield><datafield ind1="0" ind2="0" tag="785"><subfield code="t">Strong City derrick</subfield><subfield code="w">(DLC)sn 83040693</subfield></datafield></record>